<?xml version="1.0" encoding="UTF-8"?><collection xmlns="http://www.loc.gov/MARC21/slim"><record><leader>00358nam--2200121-i-4500</leader><controlfield tag="001">000016433</controlfield><controlfield tag="002">20161230</controlfield><controlfield tag="005">20161230201031</controlfield><controlfield tag="008">060222s1000------------r-----000-0-eng-d</controlfield><datafield ind1=" " ind2=" " tag="100"><subfield code="a">Bernas,Harry</subfield></datafield><datafield ind1=" " ind2=" " tag="245"><subfield code="a">Etude par correlation angulaires perturbee d une terre rare implantee dans les metraux. these</subfield></datafield><datafield ind1=" " ind2=" " tag="260"><subfield code="a">Paris-sud,Universite,1972. 97 P</subfield></datafield><datafield ind1=" " ind2=" " tag="852"><subfield code="a">78246</subfield></datafield></record></collection>